@article{isensee2021nnu,
  title={nnU-Net: a self-configuring method for deep learning-based biomedical image segmentation},
  author={Isensee, Fabian and Jaeger, Paul F and Kohl, Simon AA and Petersen, Jens and Maier-Hein, Klaus H},
  journal={Nature methods},
  volume={18},
  number={2},
  pages={203--211},
  year={2021},
  publisher={Nature Publishing Group}
}
@inproceedings{ronneberger2015u,
  title={U-net: Convolutional networks for biomedical image segmentation},
  author={Ronneberger, Olaf and Fischer, Philipp and Brox, Thomas},
  booktitle={Medical Image Computing and Computer-Assisted Intervention--MICCAI 2015: 18th International Conference, Munich, Germany, October 5-9, 2015, Proceedings, Part III 18},
  pages={234--241},
  year={2015},
  organization={Springer}
}
@inproceedings{ioffe2015batch,
  title={Batch normalization: Accelerating deep network training by reducing internal covariate shift},
  author={Ioffe, Sergey and Szegedy, Christian},
  booktitle={International conference on machine learning},
  pages={448--456},
  year={2015},
  organization={pmlr}
}
@article{alves2022imaging,
  title={Imaging aspects of the hippocampus},
  author={Alves, Isabela S and Coutinho, Artur MN and Vieira, Ana PF and Rocha, Bruno P and Passos, Ula L and Gon{\c{c}}alves, Vinicius T and Silva, Paulo DS and Zhan, Malia X and Pinho, Paula C and Delgado, Daniel S and others},
  journal={RadioGraphics},
  volume={42},
  number={3},
  pages={822--840},
  year={2022},
  publisher={Radiological Society of North America}
}
@article{simpson2019large,
  title={A large annotated medical image dataset for the development and evaluation of segmentation algorithms},
  author={Simpson, Amber L and Antonelli, Michela and Bakas, Spyridon and Bilello, Michel and Farahani, Keyvan and Van Ginneken, Bram and Kopp-Schneider, Annette and Landman, Bennett A and Litjens, Geert and Menze, Bjoern and others},
  journal={arXiv preprint arXiv:1902.09063},
  year={2019}
}
@article{huynh2023understanding,
  title={Understanding Evaluation Metrics in Medical Image Segmentation},
  author={Huynh, Nghi},
  journal={Medium: Where good ideas find you},
  year={2023}
}